<?xml version="1.0" encoding="UTF-8"?><collection><record><leader>09550ntm a2200721 a 4500</leader><controlfield tag="001">006803215</controlfield><controlfield tag="003">MiAaHDL</controlfield><controlfield tag="005">20190719000000.0</controlfield><controlfield tag="006">m        d        </controlfield><controlfield tag="007">cr bn ---auaua</controlfield><controlfield tag="008">090526s17uu    xx            00| ||ara d</controlfield><datafield tag="035" ind1=" " ind2=" "><subfield code="a">(MiU)006803215</subfield></datafield><datafield tag="035" ind1=" " ind2=" "><subfield code="a">sdr-miu006803215</subfield></datafield><datafield tag="040" ind1=" " ind2=" "><subfield code="a">MiU</subfield><subfield code="c">MiU</subfield><subfield code="e">amremm</subfield></datafield><datafield tag="043" ind1=" " ind2=" "><subfield code="a">n-us-mi</subfield></datafield><datafield tag="100" ind1="1" ind2=" "><subfield code="6">880-01</subfield><subfield code="a">Manṣūrī, ʻAlī ibn Sulaymān,</subfield><subfield code="d">d. 1722</subfield></datafield><datafield tag="245" ind1="1" ind2="0"><subfield code="6">880-02</subfield><subfield code="a">[Taḥrīr al-Manṣūrī ʻalá Ṭayyibat al-nashr fī al-qirāʼāt al-ʻashr...etc.,</subfield><subfield code="f">18th century?].</subfield></datafield><datafield tag="246" ind1="3" ind2=" "><subfield code="6">880-03</subfield><subfield code="i">Title from opening on fol.14b :</subfield><subfield code="a">Taḥrīr al-ṭuruq wa-al-riwāyāt min ṭarīq Ṭayyibat al-nashr fī al-qirāʼāt al-ʻashr</subfield></datafield><datafield tag="260" ind1=" " ind2=" "><subfield code="c">[17--?].</subfield></datafield><datafield tag="300" ind1=" " ind2=" "><subfield code="a">106 leaves :</subfield><subfield code="b">paper ;</subfield><subfield code="c">159 x 110 (120-140 x 65-70) mm.</subfield></datafield><datafield tag="500" ind1=" " ind2=" "><subfield code="a">Shelfmark: Ann Arbor, University of Michigan, Special Collections Library, Isl. Ms. 259</subfield></datafield><datafield tag="500" ind1=" " ind2=" "><subfield code="a">Origin: No details on date of transcription or copyist supplied in text.</subfield></datafield><datafield tag="500" ind1=" " ind2=" "><subfield code="a">Binding: Painted lacquerwork on heavy boards with black leather on spine ; Type III binding (without flap) ; doublures in painted lacquerwork with hinges in red leather and flyleaves in pink and blue marbled paper ; upper and lower covers bear paintings of identical composition yet mirror images of one another on a black background ; gold painted fillets define outer and inner frames consisting of a series of gold triangular shapes on bands of black ; the fillets intersect to form square compartments at the corners ; between these frames, an elaborate floral design consisting of an alternating succession of gold lozenges and four-petal flowers in blue, green and bronze ; each gold lozenge contains a central rosette in pink with white accents flanked by four smaller buds in pink and white, leaves in green, and two five-petal flowers in white and pink ; the main panel has a central cluster of two peony-like flowers in pink and yellow with adjacent tulip, poppy, other floral forms, and leaves in pink, white, blue-green, and olive green ; the remainder of the panel is filled with leaves, flowers (poppies, etc.) and buds in pink, white, and olive green ; upper and lower doublures also bear paintings of identical composition yet mirror images of one another on a dark green background (flecked in gold green) consisting of a tall narcissus-like plant with leaves in shades of green and at the head of a central stalk, flowers and buds in yellow with pink accents; gold painted fillets define a frame consisting of a series of oblique strokes in gold on the dark green background ; appears contemporaneous with text ; in fair condition ; much worn, leather of spine is cracked, brittle and detaching ; lacquer and paint of covers is chipped ; lacquer of doublures is cracked and crazed ; housed in box for protection.</subfield></datafield><datafield tag="500" ind1=" " ind2=" "><subfield code="a">Support: At least three varieties of European laid paper ; front and back flyleaves (single bifolium following initial marbled paper flyleaf and preceding final marbled paper flyleaf) are of European laid paper with watermark partially visible (lion rampart in shield - compare Heawood 3133 and 3135), few inclusions, 27-28 mm. between the single chainlines ; the beginning and latter quires are in a European laid paper with watermarks partially visible (see grapes watermark in fol.12, watermark in fol.78b-79a and in fol.94 has name "...ARDONI" [?] with crown above and grape below ; compare Heawood 2399), laid lines running horizontally spaced roughly 14 laid lines per cm., single chain lines running vertically spaced roughly 21-24 mm. apart, relatively few inclusions, burnished and crisp character ; central quires are in a European laid paper with laid lines running horizontally spaced roughly 12 laid lines per cm., single chain lines running vertically spaced roughly 26-27 mm. apart, virtually no inclusions, and a lighter "whiter" cream color than the other paper.</subfield></datafield><datafield tag="500" ind1=" " ind2=" "><subfield code="a">Decoration: Partially rubricated with overlinings, section headings, etc. in red.</subfield></datafield><datafield tag="500" ind1=" " ind2=" "><subfield code="a">Script: Naskh ; at least four Turkish (and Persian?) hands, though perhaps supplied by one or two copyists ; first work appears to be supplied in two hands and the line thickness changes at least once ; the first hand is very round, nearly unpointed, mainly serifless, with slight effect of words descending to baseline ; hand changes on fol.8a (p.15) to a stiffer hand better pointed with initially some right sloping head serifs, then mainly serifless ; second work is supplied in a heavy Turkish hand with slight tilt to left, mainly serifless but occasional serifs on alif of lām alif ligature (looking like numeral ۹) ; passages following this work appear in the same rounded, unpointed hand of first work ; next work is supplied in another very fine hand, virtually serifless and also in the rounded, unpointed hand of the first work and the hand of second work ; next work is supplied in a similar fashion with same rounded, unpointed hand supplying the closing text.</subfield></datafield><datafield tag="500" ind1=" " ind2=" "><subfield code="a">Layout: Written in 15 lines per page ; frame-ruled (impression of ruling board evident).</subfield></datafield><datafield tag="500" ind1=" " ind2=" "><subfield code="a">Collation: iii, VI+1 (13), 7 V (83), VI (95), V+1 (106), iii ; chiefly quinions ; leaves at beginning and end of textblock left blank, as well as between the various works ; catchwords present in the various works though cut off in some places ; pagination in pencil, Western numerals, supplied during cataloguing.</subfield></datafield><datafield tag="500" ind1=" " ind2=" "><subfield code="a">Explicit: "لابي عمرو في غاية ابي العلا وللدوري من التبصرة ومثلها لكن مع التسهيل في الكامل والله اعلم"</subfield></datafield><datafield tag="500" ind1=" " ind2=" "><subfield code="a">Incipit: " هذا من النشر الكبير المفقود في اكثر النسخ قبل فرش الحروف رواية ورش اذا قرى له من طريق الازرق... [تحرير المنصوري] الحمد لله رب العالمين وصلى الله وسلم على سيدنا محمد وعلى اله وصحبه اجمعين وبعد فيقول العبد الفقير الى الله تعالى علي المنصوري غفر الله تعالى له ولوالديه ولجميع المسلمين هذا ما يسر جمعه في بعض الايات عن تحرير الطرق والروايات من طريق طيبة النشر في القراءات العشر"</subfield></datafield><datafield tag="500" ind1=" " ind2=" "><subfield code="a">Title supplied by cataloguer.</subfield></datafield><datafield tag="500" ind1=" " ind2=" "><subfield code="a">Ms. codex.</subfield></datafield><datafield tag="505" ind1="0" ind2=" "><subfield code="a">10. fol.106a-106b : [blank].</subfield></datafield><datafield tag="505" ind1="0" ind2=" "><subfield code="a">9. fol.100a-105b : [Excerpt from Taḥrīr al-Manṣūrī, begins "Qāla fī al-Nashr aṣḥāb ʻadam al-sakt..."]</subfield></datafield><datafield tag="505" ind1="0" ind2=" "><subfield code="a">8. fol.96a-fol.99b : [Excerpt, begins "Qawluh taʻālá al-ṭalāq martayn..."]</subfield></datafield><datafield tag="505" ind1="0" ind2=" "><subfield code="a">7. fol.95a-fol.95b : [blank].</subfield></datafield><datafield tag="505" ind1="0" ind2=" "><subfield code="a">6. fol.94a-fol.94b : [Excerpts from Taḥrīr al-Manṣūrī?] / ʻAlī al-Manṣūrī.</subfield></datafield><datafield tag="505" ind1="0" ind2=" "><subfield code="a">5. fol.14b-fol.93b : Hādhā mā yassara jamʻahu fī baʻḍ al-āyāt ʻan Taḥrīr al-ṭuruq wa-al-riwāyāt min ṭarīq Ṭayyibat al-nashr fī al-qirāʼāt al-ʻashr / ʻAlī al-Manṣūrī.</subfield></datafield><datafield tag="505" ind1="0" ind2=" "><subfield code="a">4. fol.12b-fol.14a : [blank].</subfield></datafield><datafield tag="505" ind1="0" ind2=" "><subfield code="a">3. fol.12a : [Excerpt with figure, begins "Li-hamzah ithná ʻashar wajhan..."].</subfield></datafield><datafield tag="505" ind1="0" ind2=" "><subfield code="a">2. fol.2b-fol.11b : Hādhā min al-Nashr al-kabīr al-mafqūd fī akthar al-nusakh / Ibn al-Jazarī [?].</subfield></datafield><datafield tag="505" ind1="0" ind2=" "><subfield code="a">1. fol.1a-fol.1a : [blank].</subfield></datafield><datafield tag="510" ind1="4" ind2=" "><subfield code="a">Brockelmann, C. GAL,</subfield><subfield code="c">SII 421 ; SII 974 no.29 ; SII 275 ; II 201</subfield></datafield><datafield tag="520" ind1="8" ind2=" "><subfield code="a">Collection of excerpts on Qur'anic readings, mainly from ʻAlī ibn Sulaymān al-Muqriʼ al-Manṣūrī's Taḥrīr on Ibn al-Jazarī's Ṭayyibat al-nashr fī al-qirāʼāt al-ʻashr preceded by a "lost" passage attributed to Ibn al-Jazarī from his al-Nashr fī al-qirāʼāt al-ʻashr.</subfield></datafield><datafield tag="538" ind1=" " ind2=" "><subfield code="a">Mode of access: Internet.</subfield></datafield><datafield tag="541" ind1=" " ind2=" "><subfield code="c">Purchase ;</subfield><subfield code="a">Acquired by purchase (funds donated by Horace Rackham).</subfield><subfield code="d">1924.</subfield></datafield><datafield tag="546" ind1=" " ind2=" "><subfield code="a">Arabic.</subfield></datafield><datafield tag="561" ind1=" " ind2=" "><subfield code="a">Conspicuous lack of ownership marks ; inscription in pencil on verso of front flyleaf "388 T. De M. [i.e. Tammaro De Marinis]" ; inscription in purple pencil "67..." on fol.105b (p.210) ; some marginal correctionsو notabilia (side heads) and glosses throughout.</subfield></datafield><datafield tag="600" ind1="1" ind2="0"><subfield code="a">Ibn al-Jazarī, Muḥammad ibn Muḥammad,</subfield><subfield code="d">1350-1429.</subfield><subfield code="t">Ṭayyibat al-nashr fī al-qirāʼāt al-ʻashr.</subfield></datafield><datafield tag="630" ind1="0" ind2="0"><subfield code="a">Qurʼan</subfield><subfield code="x">Readings</subfield><subfield code="v">Early works to 1800.</subfield></datafield><datafield tag="650" ind1=" " ind2="0"><subfield code="a">Manuscripts, Arabic</subfield><subfield code="z">Michigan</subfield><subfield code="z">Ann Arbor.</subfield></datafield><datafield tag="650" ind1=" " ind2="0"><subfield code="a">Arabic language</subfield><subfield code="x">Grammar</subfield><subfield code="v">Early works to 1800.</subfield></datafield><datafield tag="700" ind1="0" ind2=" "><subfield code="a">Abdülhamid</subfield><subfield code="b">II,</subfield><subfield code="c">Sultan of the Turks,</subfield><subfield code="d">1842-1918,</subfield><subfield code="e">former owner.</subfield></datafield><datafield tag="700" ind1="1" ind2=" "><subfield code="6">880-05</subfield><subfield code="a">Ibn al-Jazarī, Muḥammad ibn Muḥammad,</subfield><subfield code="d">1350-1429.</subfield><subfield code="t">Nashr fī al-qirāʼāt al-ʻashr.</subfield><subfield code="k">Selections.</subfield></datafield><datafield tag="740" ind1="0" ind2="2"><subfield code="6">880-07</subfield><subfield code="a">Mafqūd min al-Nashr al-kabīr</subfield></datafield><datafield tag="740" ind1="0" ind2="2"><subfield code="6">880-06</subfield><subfield code="a">Hādhā min al-Nashr al-kabīr al-mafqūd fī akthar al-nusakh</subfield></datafield><datafield tag="773" ind1="0" ind2=" "><subfield code="a">Abdul Hamid Collection.</subfield></datafield><datafield tag="880" ind1="0" ind2="2"><subfield code="6">740-07/</subfield><subfield code="a">مفقود من النشر الكبير</subfield></datafield><datafield tag="880" ind1="0" ind2="2"><subfield code="6">740-06/</subfield><subfield code="a">هذا من النشر الكبير المفقود في اكثر النسخ</subfield></datafield><datafield tag="880" ind1="1" ind2=" "><subfield code="6">700-05/</subfield><subfield code="a">ابن الجزري, محمد بن محمد.</subfield><subfield code="t">نشر في القراءات العشر.</subfield><subfield code="k">مختارات.</subfield></datafield><datafield tag="880" ind1="3" ind2=" "><subfield code="6">246-03/</subfield><subfield code="a">تحرير الطرق والروايات من طريق طيبة النشر في القراءات العشر</subfield></datafield><datafield tag="880" ind1="1" ind2="0"><subfield code="6">245-02/</subfield><subfield code="a">[تحرير المنصوري على طيبة النشر في القراءات العشر...الخ,</subfield><subfield code="f">القرن 18م؟].</subfield></datafield><datafield tag="880" ind1="1" ind2=" "><subfield code="6">100-01/</subfield><subfield code="a">منصوري, علي بن سليمان.</subfield></datafield><datafield tag="CID" ind1=" " ind2=" "><subfield code="a">006803215</subfield></datafield><datafield tag="DAT" ind1="0" ind2=" "><subfield code="a">20190719102636.0</subfield><subfield code="b">20190719000000.0</subfield></datafield><datafield tag="DAT" ind1="1" ind2=" "><subfield code="a">20190719090653.0</subfield><subfield code="b">2019-07-19T16:11:36Z</subfield></datafield><datafield tag="DAT" ind1="2" ind2=" "><subfield code="a">2015-10-10T18:00:06Z</subfield></datafield><datafield tag="CAT" ind1=" " ind2=" "><subfield code="a">SDR-MIU</subfield><subfield code="d">EX LIBRIS - ALEPH</subfield><subfield code="l">prepare.pl-004-008</subfield></datafield><datafield tag="FMT" ind1=" " ind2=" "><subfield code="a">BK</subfield></datafield><datafield tag="HOL" ind1=" " ind2=" "><subfield code="0">sdr-miu006803215</subfield><subfield code="a">MiU</subfield><subfield code="b">SDR</subfield><subfield code="c">MIU</subfield><subfield code="p">mdp.39015079126457</subfield><subfield code="s">MIU</subfield><subfield code="1">006803215</subfield></datafield><datafield tag="974" ind1=" " ind2=" "><subfield code="b">MIU</subfield><subfield code="c">MIU</subfield><subfield code="d">20190719</subfield><subfield code="s">lit-dlps-dc</subfield><subfield code="u">mdp.39015079126457</subfield><subfield code="y">1799</subfield><subfield code="r">pd</subfield><subfield code="q">bib</subfield><subfield code="t">non-US bib date1 &lt; 1879</subfield></datafield></record></collection>